@misc{earthquake,
  title = {Earthquake},
  author = {Bolt, Bruce A.},
  howpublished = {\url{https://www.britannica.com/science/earthquake-geology}},
  year = {2020},
  note = {Online; accesso 12 Marzo 2020}
}

@book{algortimoM8,
  title = {A Test to Evaluate the Earthquake Prediction Algorithm, M8},
  author = {Mack, Chris A},
  year = {1992},
  pages={Appendice 4 - pagina 1},
  publisher = {U.S. Department of the interior U.S. geological survey},
}

@book{bigData,
  title = {Big Data},
  author = {Mayer-Sch\"onberger, Viktor and Cukier, Kenneth},
  year = {2003},
  pages={15-24,73-88},
  publisher = {Houghton Mifflin Harcourt},
}

@book{algortimoCN,
  title = {Complexity of Seismic Time Series},
  subtitle = {Measurement and Application},
  author = {Chelidze,Tamaz and Vallianatos, Filippos and Telesca, Luciano},
  year = {2018},
  pages={328},
  publisher = {Elsevier},
}

@book{probAndComputing,
  title = {Probability and Computing},
  subtitle = {Randomization and Probabilistic Techniques in Algorithms and Data Analysis},
  author = {Mitzenmacher, Michael and Upfal, Eli},
  year = {2017},
  pages={51-52},
  publisher = {Cambridge University Press},
}

@article{GiulianoFPanza,
  title={Verso una societ\`a preparata alle calamit\`a ambientali},
  subtitle={il terremoto},
  author={Panza, Giuliano F.},
  journal={Geoitalia},
  volume={32},
  year={2010}
}

@article{TipsCN,
  title={Diagnosis of Time of Increased Probability of strong earthquakes in different regions of the world: algorithm CN},
  author={Keilis-Borok, V.I. and Rotwain, I.M.},
  journal={Physics of theEarth and Planetary Interiors},
  volume={61},
  pages={57-72},
  year={1990}
}

@misc{CPTI15,
  author = {Rovida, A. and Locati, M. and Camassi, R. and Lolli, B. and Gasperini, P. and (eds)},
  title = {CPTI15},
  year = {2019},
  note = {Italian Parametric Earthquake Catalogue (CPTI15), version 2.0. Istituto Nazionale di Geofisica e Vulcanologia (INGV). \url{https://doi.org/10.13127/CPTI/CPTI15.2}},
}

@manual{M8Manual,
  title={User Manual for M8},
  author={Kossobokov, V.G.},
  url={http://indico.ictp.it/event/a10170/session/104/contribution/54/material/1/0.pdf}
}
